@misc{vsb_data,
  author = {Kaggle, Enet Centre, VSB - T.U. of Ostrava},
  title  = {VSB Power Line Fault Detection},
  year   = {2014},
  url    = {https://www.kaggle.com/c/vsb-power-line-fault-detection/data}
}

@book{kutz_2013,
  place     = {Oxford},
  title     = {Data-driven modeling \& scientific computation: methods for complex systems \& big data},
  publisher = {Oxford University Press},
  author    = {Kutz, Jose Nathan},
  year      = {2013}
}

@article{article,
  author  = {Singh, Manohar and Panigrahi, Bijaya and Maheshwari, R.P.},
  year    = {2011},
  month   = {03},
  pages   = {},
  title   = {Transmission line fault detection and classification},
  journal = {2011 International Conference on Emerging Trends in Electrical and Computer Technology, ICETECT 2011},
  doi     = {10.1109/ICETECT.2011.5760084}
}